@misc{bomberman2013,
title = {Bomberman group info},
author = {Universal Videogame List},
howpublished = {\url{http://www.uvlist.net/groups/info/bomberman}},
note = {Accessed: 2013-06-18}
}
